@Manual{acepack,
  title = {acepack: ace() and avas() for selecting regression transformations},
  author = {Phil Spector and Jerome Friedman and Robert Tibshirani and Thomas Lumley},
  year = {2014},
  note = {R package version 1.3-3.3},
  url = {http://CRAN.R-project.org/package=acepack},
}
@Manual{assertthat,
  title = {assertthat: Easy pre and post assertions.},
  author = {'Hadley Wickham'},
  year = {2013},
  note = {R package version 0.1},
  url = {http://CRAN.R-project.org/package=assertthat},
}
@Manual{bcv,
  title = {bcv: Cross-Validation for the SVD (Bi-Cross-Validation)},
  author = {Patrick O. Perry},
  year = {2009},
  note = {R package version 1.0},
}
@Manual{BH,
  title = {BH: Boost C++ Header Files},
  author = {Dirk Eddelbuettel and John W. Emerson and Michael J. Kane},
  year = {2015},
  note = {R package version 1.55.0-3},
  url = {http://CRAN.R-project.org/package=BH},
}
@Manual{bitops,
  title = {bitops: Bitwise Operations},
  author = {S original by Steve Dutky initial R port and extensions by Martin Maechler; revised and modified by Steve Dutky},
  year = {2013},
  note = {R package version 1.0-6},
  url = {http://CRAN.R-project.org/package=bitops},
}
@Manual{brew,
  title = {brew: Templating Framework for Report Generation},
  author = {Jeffrey Horner},
  year = {2011},
  note = {R package version 1.0-6},
  url = {http://CRAN.R-project.org/package=brew},
}
@Manual{caTools,
  title = {caTools: Tools: moving window statistics, GIF, Base64, ROC AUC, etc.},
  author = {Jarek Tuszynski},
  year = {2014},
  note = {R package version 1.17.1},
  url = {http://CRAN.R-project.org/package=caTools},
}
@Manual{CCI.DataStoreCCI.DataStore-Manual,
  title = {{CCI.DataStore}: },
  author = {"Steven Pav"},
  note = {R package version 0.1.0.9003},
}
@Manual{CCI.MSF.perfCCI.MSF.perf-Manual,
  title = {{CCI.MSF.perf}: MSF Performance},
  author = {"Steven Pav"},
  note = {R package version 0.2.0.9205},
}
@Manual{CCI.perf.analyticsCCI.perf.analytics-Manual,
  title = {{CCI.perf.analytics}: },
  author = {"Steven Pav"},
  note = {R package version 0.1.0.9001},
}
@Manual{CCI.plot,
  title = {CCI.plot: CCI plot utilities},
  author = {"Steven Pav"},
  note = {R package version 0.1.0.9001},
}
@Manual{colorout,
  title = {colorout: Colorize R output on terminal emulators},
  author = {Jakson Aquino},
  year = {2013},
  note = {R package version 1.0-2},
  url = {http://www.lepem.ufc.br/jaa/colorout.html},
}
@Article{contfrac,
  title = {A new family of non-negative distributions.},
  author = {R. K. S. Hankin and A. Lee},
  journal = {Australia and New Zealand Journal of Statistics},
  year = {2006},
  volume = {48},
  issue = {1},
  pages = {67-78},
}
@Manual{DBI,
  title = {DBI: R Database Interface},
  author = {R Special Interest Group on Databases},
  year = {2014},
  note = {R package version 0.3.1},
  url = {http://CRAN.R-project.org/package=DBI},
}
@Manual{Defaults,
  title = {Defaults: Create Global Function Defaults},
  author = {Jeffrey A. Ryan},
  year = {2007},
  note = {R package version 1.1-1},
  url = {http://CRAN.R-project.org/package=Defaults},
}
@Manual{devtools,
  title = {devtools: Tools to Make Developing R Packages Easier},
  author = {Hadley Wickham and Winston Chang},
  year = {2015},
  note = {R package version 1.7.0},
  url = {http://CRAN.R-project.org/package=devtools},
}
@Manual{dichromat,
  title = {dichromat: Color Schemes for Dichromats},
  author = {Thomas Lumley},
  year = {2013},
  note = {R package version 2.0-0},
  url = {http://CRAN.R-project.org/package=dichromat},
}
@Manual{digest,
  title = {digest: Create Cryptographic Hash Digests of R Objects},
  author = {Dirk Eddelbuettel with contributions by Antoine Lucas and Jarek Tuszynski and Henrik Bengtsson and Simon Urbanek and Mario Frasca and Bryan Lewis and Murray Stokely and Hannes Muehleisen and Duncan Murdoch and Jim Hester and Wush Wu.},
  year = {2014},
  note = {R package version 0.6.8},
  url = {http://CRAN.R-project.org/package=digest},
}
@Manual{docopt,
  title = {docopt: docopt, command-line interface specification language},
  author = {Edwin de Jonge},
  year = {2015},
  note = {R package version 0.4.2},
  url = {http://CRAN.R-project.org/package=docopt},
}
@Manual{dplyr,
  title = {dplyr: A Grammar of Data Manipulation},
  author = {Hadley Wickham and Romain Francois},
  year = {2015},
  note = {R package version 0.4.1},
  url = {http://CRAN.R-project.org/package=dplyr},
}
@Manual{drat,
  title = {drat: Drat R Archive Template},
  author = {Dirk Eddelbuettel},
  year = {2015},
  note = {R package version 0.0.3.1},
}
@Article{ecp,
  title = {{ecp}: An {R} Package for Nonparametric Multiple Change Point Analysis of Multivariate Data},
  author = {Nicholas A. James and David S. Matteson},
  journal = {Journal of Statistical Software},
  year = {2014},
  volume = {62},
  number = {7},
  pages = {1--25},
  url = {http://www.jstatsoft.org/v62/i07/},
}
@Article{elliptic,
  title = {Introducing elliptic, an R package for elliptic
	 and modular functions},
  author = {Robin K. S. Hankin},
  journal = {Journal of Statistical Software},
  year = {2006},
  month = {February},
  volume = {15},
  issue = {7},
}
@Manual{evaluate,
  title = {evaluate: Parsing and Evaluation Tools that Provide More Details than the
Default},
  author = {Hadley Wickham},
  year = {2015},
  note = {R package version 0.7},
  url = {http://CRAN.R-project.org/package=evaluate},
}
@Manual{extrafont,
  title = {extrafont: Tools for using fonts},
  author = {Winston Chang,},
  year = {2014},
  note = {R package version 0.17},
  url = {http://CRAN.R-project.org/package=extrafont},
}
@Manual{extrafontdb,
  title = {extrafontdb: Package for holding the database for the extrafont package},
  author = {Winston Chang},
  year = {2012},
  note = {R package version 1.0},
  url = {http://CRAN.R-project.org/package=extrafontdb},
}
@Manual{fBasics,
  title = {fBasics: Rmetrics - Markets and Basic Statistics},
  author = {Rmetrics Core Team and Diethelm Wuertz and Tobias Setz and Yohan Chalabi},
  year = {2014},
  note = {R package version 3011.87},
  url = {http://CRAN.R-project.org/package=fBasics},
}
@Manual{fOptions,
  title = {fOptions: Basics of Option Valuation},
  author = {Diethelm Wuertz and many others and see the SOURCE file},
  year = {2013},
  note = {R package version 3010.83},
  url = {http://CRAN.R-project.org/package=fOptions},
}
@Manual{formatR,
  title = {formatR: Format R Code Automatically},
  author = {Yihui Xie},
  year = {2015},
  note = {R package version 1.2},
  url = {http://CRAN.R-project.org/package=formatR},
}
@Article{Formula,
  title = {Extended Model Formulas in {R}: Multiple Parts and Multiple Responses},
  author = {Achim Zeileis and Yves Croissant},
  journal = {Journal of Statistical Software},
  year = {2010},
  volume = {34},
  number = {1},
  pages = {1--13},
  url = {http://www.jstatsoft.org/v34/i01/},
}
@Manual{fortunes,
  title = {fortunes: R Fortunes},
  author = {Achim Zeileis and the R community. Contributions (fortunes and/or code) by Torsten Hothorn and Peter Dalgaard and Uwe Ligges and Kevin Wright and Martin Maechler and Kjetil Brinchmann Halvorsen and Kurt Hornik and Duncan Murdoch and Andy Bunn and Ray Brownrigg and Roger Bivand and Spencer Graves and Jim Lemon and Christian Kleiber and David L. Reiner and Berton Gunter and Roger Koenker and Charles Berry and Marc Schwartz and Michael Dewey and Ben Bolker and Peter Dunn and Sarah Goslee and Simon Blomberg and Bill Venables and Roland Rau and Thomas Petzoldt and Rolf Turner and Mark Leeds and Emmanuel Charpentier and Chris Evans and Paolo Sonego and Peter Ehlers and Detlef Steuer and Tal Galili and Greg Snow and Brian D. Ripley and Michael Sumner and David Winsemius and Liviu Andronic and Brian Diggs and Matthieu Stigler and Michael Friendly and Dirk Eddelbuettel and Richard M. Heiberger and Patrick Burns and Dieter Menne and Andrie de Vries and Barry Rowlingson and Renaud Lancelot and R. Michael Weylandt and Jon Olav Skoien and Francois Morneau and Antony Unwin and Joshua Wiley and Terry Therneau and Bryan Hanson and Henrik Singmann and Eduard Szoecs.},
  year = {2013},
  note = {R package version 1.5-2},
  url = {http://CRAN.R-project.org/package=fortunes},
}
@Manual{functional,
  title = {functional: Curry, Compose, and other higher-order functions},
  author = {Peter Danenberg},
  year = {2014},
  note = {R package version 0.6},
  url = {http://CRAN.R-project.org/package=functional},
}
@Manual{GGally,
  title = {GGally: Extension to ggplot2.},
  author = {Barret Schloerke and Jason Crowley and Di Cook and Heike Hofmann and Hadley Wickham and Francois Briatte and Moritz Marbach and Edwin Thoen},
  year = {2014},
  note = {R package version 0.5.0},
  url = {http://CRAN.R-project.org/package=GGally},
}
@Book{ggplot2,
  author = {Hadley Wickham},
  title = {ggplot2: elegant graphics for data analysis},
  publisher = {Springer New York},
  year = {2009},
  isbn = {978-0-387-98140-6},
  url = {http://had.co.nz/ggplot2/book},
}
@Manual{ggthemes,
  title = {ggthemes: Extra Themes, Scales and Geoms for `ggplot2`},
  author = {Jeffrey B. Arnold},
  year = {2015},
  note = {R package version 2.1.2},
  url = {http://CRAN.R-project.org/package=ggthemes},
}
@Article{googleVis,
  title = {googleVis: Interface between R and the Google Visualisation API},
  author = {Markus Gesmann and Diego de Castillo},
  journal = {The R Journal},
  year = {2011},
  volume = {3},
  number = {2},
  pages = {40--44},
  month = {December},
  url = {http://journal.r-project.org/archive/2011-2/RJournal_2011-2_Gesmann+de~Castillo.pdf},
}
@Manual{gridBase,
  title = {gridBase: Integration of base and grid graphics},
  author = {Paul Murrell},
  year = {2014},
  note = {R package version 0.4-7},
  url = {http://CRAN.R-project.org/package=gridBase},
}
@Article{gsl,
  title = {Special functions in R: introducing the gsl package},
  author = {Robin K. S. Hankin},
  journal = {R News},
  year = {2006},
  month = {October},
  volume = {6},
  issue = {4},
}
@Article{gss,
  title = {Smoothing Spline ANOVA Models: {R} Package {gss}},
  author = {Chong Gu},
  journal = {Journal of Statistical Software},
  year = {2014},
  volume = {58},
  number = {5},
  pages = {1--25},
  url = {http://www.jstatsoft.org/v58/i05/},
}
@Manual{gtable,
  title = {gtable: Arrange grobs in tables.},
  author = {Hadley Wickham},
  year = {2012},
  note = {R package version 0.1.2},
  url = {http://CRAN.R-project.org/package=gtable},
}
@Manual{gtools,
  title = {gtools: Various R Programming Tools},
  author = {Gregory R. Warnes and Ben Bolker and Thomas Lumley},
  year = {2015},
  note = {R package version 3.4.2},
  url = {http://CRAN.R-project.org/package=gtools},
}
@Manual{h5r,
  title = {h5r: Interface to HDF5 Files},
  author = {James Bullard},
  year = {2013},
  note = {R package version 1.4.7},
  url = {http://CRAN.R-project.org/package=h5r},
}
@Manual{highr,
  title = {highr: Syntax Highlighting for R Source Code},
  author = {Yixuan Qiu and Yihui Xie},
  year = {2015},
  note = {R package version 0.5},
  url = {http://CRAN.R-project.org/package=highr},
}
@Manual{Hmisc,
  title = {Hmisc: Harrell Miscellaneous},
  author = {Frank E Harrell Jr and with contributions from Charles Dupont and many others.},
  year = {2015},
  note = {R package version 3.15-0},
  url = {http://CRAN.R-project.org/package=Hmisc},
}
@Manual{htmltools,
  title = {htmltools: Tools for HTML},
  author = {{RStudio} and {Inc.}},
  year = {2014},
  note = {R package version 0.2.6},
  url = {http://CRAN.R-project.org/package=htmltools},
}
@Manual{httpuv,
  title = {httpuv: HTTP and WebSocket server library},
  author = {{RStudio} and {Inc.}},
  year = {2014},
  note = {R package version 1.3.2},
  url = {http://CRAN.R-project.org/package=httpuv},
}
@Manual{httr,
  title = {httr: Tools for Working with URLs and HTTP},
  author = {Hadley Wickham},
  year = {2015},
  note = {R package version 0.6.1},
  url = {http://CRAN.R-project.org/package=httr},
}
@Article{hypergeo,
  title = {A new family of non-negative distributions.},
  author = {R. K. S. Hankin and A. Lee},
  journal = {Australia and New Zealand Journal of Statistics},
  year = {2006},
  volume = {48},
  issue = {1},
  pages = {67-78},
}
@Article{igraph,
  title = {The igraph software package for complex network research},
  author = {Gabor Csardi and Tamas Nepusz},
  journal = {InterJournal},
  volume = {Complex Systems},
  pages = {1695},
  year = {2006},
  url = {http://igraph.org},
}
@Article{jsonlite,
  title = {The jsonlite Package: A Practical and Consistent Mapping Between JSON Data and R Objects},
  author = {Jeroen Ooms},
  journal = {arXiv:1403.2805 [stat.CO]},
  year = {2014},
  url = {http://arxiv.org/abs/1403.2805},
}
@Manual{knitr,
  title = {knitr: A General-Purpose Package for Dynamic Report Generation in R},
  author = {Yihui Xie},
  year = {2015},
  note = {R package version 1.9},
  url = {http://yihui.name/knitr/},
}

@Book{knitr_9,
  title = {Dynamic Documents with {R} and knitr},
  author = {Yihui Xie},
  publisher = {Chapman and Hall/CRC},
  address = {Boca Raton, Florida},
  year = {2013},
  note = {ISBN 978-1482203530},
  url = {http://yihui.name/knitr/},
}

@InCollection{knitr_19,
  booktitle = {Implementing Reproducible Computational Research},
  editor = {Victoria Stodden and Friedrich Leisch and Roger D. Peng},
  title = {knitr: A Comprehensive Tool for Reproducible Research in {R}},
  author = {Yihui Xie},
  publisher = {Chapman and Hall/CRC},
  year = {2014},
  note = {ISBN 978-1466561595},
  url = {http://www.crcpress.com/product/isbn/9781466561595},
}
@Manual{labeling,
  title = {labeling: Axis Labeling},
  author = {Justin Talbot},
  year = {2014},
  note = {R package version 0.3},
  url = {http://CRAN.R-project.org/package=labeling},
}
@Manual{LambertW,
  title = {LambertW: An R package for Lambert W x F Random Variables},
  author = {Georg M. Goerg},
  year = {2014},
  note = {R package version 0.5},
}

@Article{LambertW_8,
  title = {Lambert W random variables - a new family of generalized skewed distributions with applications to risk estimation},
  author = {Georg M. Goerg},
  year = {2011},
  journal = {Annals of Applied Statistics},
  volume = {5},
  number = {3},
  pages = {2197-2230},
}

@Article{LambertW_18,
  title = {The Lambert Way to Gaussianize heavy-tailed data with the inverse of Tukey's h transformation as a special case},
  author = {Georg M. Goerg},
  year = {2014},
  journal = {The Scientific World Journal: Special Issue on Probability and Statistics with Applications in Finance and Economics},
  volume = {?},
  number = {?},
  pages = {??},
}
@Book{lattice,
  title = {Lattice: Multivariate Data Visualization with R},
  author = {Deepayan Sarkar},
  publisher = {Springer},
  address = {New York},
  year = {2008},
  note = {ISBN 978-0-387-75968-5},
  url = {http://lmdvr.r-forge.r-project.org},
}
@Manual{latticeExtra,
  title = {latticeExtra: Extra Graphical Utilities Based on Lattice},
  author = {Deepayan Sarkar and Felix Andrews},
  year = {2013},
  note = {R package version 0.6-26},
  url = {http://CRAN.R-project.org/package=latticeExtra},
}
@Manual{lazyeval,
  title = {lazyeval: Lazy (Non-Standard) Evaluation},
  author = {Hadley Wickham},
  year = {2015},
  note = {R package version 0.1.10},
  url = {http://CRAN.R-project.org/package=lazyeval},
}
@Manual{lme4,
  title = {{lme4}: Linear mixed-effects models using Eigen and S4},
  author = {Douglas Bates and Martin Maechler and Ben Bolker and Steven Walker},
  year = {2014},
  note = {R package version 1.1-7},
  url = {http://CRAN.R-project.org/package=lme4},
}

@Misc{lme4_9,
  title = {{lme4}: Linear mixed-effects models using Eigen and S4},
  year = {2014},
  author = {Douglas Bates and Martin Maechler and Benjamin M. Bolker and Steven Walker},
  note = {ArXiv e-print; submitted to \emph{Journal of Statistical Software}},
  url = {http://arxiv.org/abs/1406.5823},
}
@Manual{magrittr,
  title = {magrittr: A Forward-Pipe Operator for R},
  author = {Stefan Milton Bache and Hadley Wickham},
  year = {2014},
  note = {R package version 1.5},
  url = {http://CRAN.R-project.org/package=magrittr},
}
@Manual{markdown,
  title = {markdown: Markdown rendering for R},
  author = {JJ Allaire and Jeffrey Horner and Vicent Marti and Natacha Porte},
  year = {2014},
  note = {R package version 0.7.4},
  url = {http://CRAN.R-project.org/package=markdown},
}
@Manual{MarkowitzRMarkowitzR-Manual,
  title = {{MarkowitzR}: Statistical Significance of the {M}arkowitz Portfolio},
  author = {Steven E. Pav},
  year = {2015},
  note = {R package version 0.1502},
  url = {https://github.com/shabbychef/MarkowitzR},
}
@Book{MASS,
  title = {Modern Applied Statistics with S},
  author = {W. N. Venables and B. D. Ripley},
  publisher = {Springer},
  edition = {Fourth},
  address = {New York},
  year = {2002},
  note = {ISBN 0-387-95457-0},
  url = {http://www.stats.ox.ac.uk/pub/MASS4},
}
@Manual{matrixcalc,
  title = {matrixcalc: Collection of functions for matrix calculations},
  author = {Frederick Novomestky},
  year = {2012},
  note = {R package version 1.0-3},
  url = {http://CRAN.R-project.org/package=matrixcalc},
}
@Article{maxLik,
  title = {maxLik: A package for maximum likelihood estimation in {R}},
  author = {Arne Henningsen and Ott Toomet},
  journal = {Computational Statistics},
  year = {2011},
  volume = {26},
  number = {3},
  pages = {443-458},
  doi = {10.1007/s00180-010-0217-1},
  url = {http://dx.doi.org/10.1007/s00180-010-0217-1},
}
@Manual{memoise,
  title = {memoise: Memoise functions},
  author = {Hadley Wickham},
  year = {2014},
  note = {R package version 0.2.1},
  url = {http://CRAN.R-project.org/package=memoise},
}
@Manual{mime,
  title = {mime: Map Filenames to MIME Types},
  author = {Yihui Xie},
  year = {2015},
  note = {R package version 0.3},
  url = {http://CRAN.R-project.org/package=mime},
}
@Manual{minqa,
  title = {minqa: Derivative-free optimization algorithms by quadratic
approximation},
  author = {Douglas Bates and Katharine M. Mullen and John C. Nash and Ravi Varadhan},
  year = {2014},
  note = {R package version 1.2.4},
  url = {http://CRAN.R-project.org/package=minqa},
}
@Manual{miscTools,
  title = {miscTools: Miscellaneous Tools and Utilities},
  author = {Arne Henningsen and Ott Toomet},
  year = {2013},
  note = {R package version 0.6-16},
  url = {http://CRAN.R-project.org/package=miscTools},
}
@Manual{moments,
  title = {moments: Moments, cumulants, skewness, kurtosis and related tests},
  author = {Lukasz Komsta and Frederick Novomestky},
  year = {2015},
  note = {R package version 0.14},
  url = {http://CRAN.R-project.org/package=moments},
}
@Manual{munsell,
  title = {munsell: Munsell colour system},
  author = {Charlotte Wickham},
  year = {2013},
  note = {R package version 0.4.2},
  url = {http://CRAN.R-project.org/package=munsell},
}
@Article{nloptr,
  title = {The NLopt nonlinear-optimization package},
  author = {Steven G. Johnson},
  year = {?},
  journal = {?},
  volume = {?},
  number = {?},
  pages = {?},
}
@Manual{nortest,
  title = {nortest: Tests for Normality},
  author = {Juergen Gross and Uwe Ligges},
  year = {2015},
  note = {R package version 1.0-3},
  url = {http://CRAN.R-project.org/package=nortest},
}
@Manual{orthopolynom,
  title = {orthopolynom: Collection of functions for orthogonal and orthonormal
polynomials},
  author = {Frederick Novomestky},
  year = {2013},
  note = {R package version 1.0-5},
  url = {http://CRAN.R-project.org/package=orthopolynom},
}
@Manual{PDQutilsPDQutils-Manual,
  title = {{PDQutils}: {PDQ} Functions via {G}ram {C}harlier, {E}dgeworth, and {C}ornish {F}isher
Approximations},
  author = {Steven E. Pav},
  year = {2015},
  note = {R package version 0.1.1},
  url = {https://github.com/shabbychef/PDQutils},
}
@Manual{PerformanceAnalytics,
  title = {PerformanceAnalytics: Econometric tools for performance and risk analysis},
  author = {Brian G. Peterson and Peter Carl},
  year = {2014},
  note = {R package version 1.4.3541},
  url = {http://CRAN.R-project.org/package=PerformanceAnalytics},
}
@Article{plyr,
  title = {The Split-Apply-Combine Strategy for Data Analysis},
  author = {Hadley Wickham},
  journal = {Journal of Statistical Software},
  year = {2011},
  volume = {40},
  number = {1},
  pages = {1--29},
  url = {http://www.jstatsoft.org/v40/i01/},
}
@Manual{polynom,
  title = {polynom: A Collection of Functions to Implement a Class for Univariate Polynomial Manipulations},
  author = {Bill Venables and Kurt Hornik and Martin Maechler},
  year = {2014},
  note = {R package version 1.3-8. S original by Bill Venables, packages for R by Kurt Hornik and Martin Maechler.},
  url = {http://CRAN.R-project.org/package=polynom},
}
@Manual{proto,
  title = {proto: Prototype object-based programming},
  author = {Louis Kates and Thomas Petzoldt},
  year = {2012},
  note = {R package version 0.3-10},
  url = {http://CRAN.R-project.org/package=proto},
}
@Article{qcc,
  title = {qcc: an R package for quality control charting and statistical process control},
  author = {Luca Scrucca},
  journal = {R News},
  year = {2004},
  pages = {11--17},
  volume = {4/1},
  url = {http://CRAN.R-project.org/doc/Rnews/},
}
@Manual{Quandl,
  title = {Quandl: Quandl Data Connection},
  author = {Raymond McTaggart and Gergely Daroczi},
  year = {2014},
  note = {R package version 2.4.0},
  url = {http://CRAN.R-project.org/package=Quandl},
}
@Manual{quantmod,
  title = {quantmod: Quantitative Financial Modelling Framework},
  author = {Jeffrey A. Ryan},
  year = {2015},
  note = {R package version 0.4-4},
  url = {http://CRAN.R-project.org/package=quantmod},
}
@Manual{R6,
  title = {R6: Classes with reference semantics},
  author = {"Winston Chang"},
  year = {2014},
  note = {R package version 2.0.1},
  url = {http://CRAN.R-project.org/package=R6},
}
@Manual{RColorBrewer,
  title = {RColorBrewer: ColorBrewer Palettes},
  author = {Erich Neuwirth},
  year = {2014},
  note = {R package version 1.1-2},
  url = {http://CRAN.R-project.org/package=RColorBrewer},
}
@Article{Rcpp,
  title = {{Rcpp}: Seamless {R} and {C++} Integration},
  author = {Dirk Eddelbuettel and Romain Fran\c{c}ois},
  journal = {Journal of Statistical Software},
  year = {2011},
  volume = {40},
  number = {8},
  pages = {1--18},
  url = {http://www.jstatsoft.org/v40/i08/},
}

@Book{Rcpp_12,
  title = {Seamless {R} and {C++} Integration with {Rcpp}},
  author = {Dirk Eddelbuettel},
  publisher = {Springer},
  address = {New York},
  year = {2013},
  note = {ISBN 978-1-4614-6867-7},
}
@Article{RcppArmadillo,
  title = {RcppArmadillo: Accelerating R with high-performance C++ linear algebra},
  author = {Dirk Eddelbuettel and Conrad Sanderson},
  journal = {Computational	Statistics and Data Analysis},
  year = {2014},
  volume = {71},
  month = {March},
  pages = {1054--1063},
  url = {http://dx.doi.org/10.1016/j.csda.2013.02.005},
}
@Article{RcppEigen,
  title = {Fast and Elegant Numerical Linear Algebra Using the {RcppEigen} Package},
  author = {Douglas Bates and Dirk Eddelbuettel},
  journal = {Journal of Statistical Software},
  year = {2013},
  volume = {52},
  number = {5},
  pages = {1--24},
  url = {http://www.jstatsoft.org/v52/i05/},
}
@Manual{RcppRoll,
  title = {RcppRoll: Efficient Rolling / Windowed Operations},
  author = {Kevin Ushey},
  year = {2015},
  note = {R package version 0.2.2},
  url = {http://CRAN.R-project.org/package=RcppRoll},
}
@Manual{RCurl,
  title = {RCurl: General network (HTTP/FTP/...) client interface for R},
  author = {Duncan Temple Lang},
  year = {2014},
  note = {R package version 1.95-4.5},
  url = {http://CRAN.R-project.org/package=RCurl},
}
@Article{reshape,
  author = {{Wickham} and {Hadley}},
  journal = {Journal of Statistical Software},
  number = {12},
  title = {Reshaping data with the reshape package},
  url = {http://www.jstatsoft.org/v21/i12/paper},
  volume = {21},
  year = {2007},
}
@Article{reshape2,
  title = {Reshaping Data with the {reshape} Package},
  author = {Hadley Wickham},
  journal = {Journal of Statistical Software},
  year = {2007},
  volume = {21},
  number = {12},
  pages = {1--20},
  url = {http://www.jstatsoft.org/v21/i12/},
}
@Manual{RJSONIO,
  title = {RJSONIO: Serialize R objects to JSON, JavaScript Object Notation},
  author = {Duncan Temple Lang},
  year = {2014},
  note = {R package version 1.3-0},
  url = {http://CRAN.R-project.org/package=RJSONIO},
}
@Manual{R.matlab,
  title = {R.matlab: Read and Write MAT Files and Call MATLAB from Within R},
  author = {Henrik Bengtsson},
  year = {2015},
  note = {R package version 3.2.0},
  url = {http://CRAN.R-project.org/package=R.matlab},
}
@InProceedings{R.methodsS3,
  author = {Henrik Bengtsson},
  title = {The {R.oo} package - Object-Oriented Programming with References Using Standard {R} Code},
  booktitle = {Proceedings of the 3rd International Workshop on Distributed Statistical Computing (DSC 2003)},
  year = {2003},
  editor = {Kurt Hornik and Friedrich Leisch and Achim Zeileis},
  address = {Vienna, Austria},
  month = {March},
  issn = {1609-395X},
  url = {http://www.r-project.org/conferences/DSC-2003/Proceedings/Bengtsson.pdf},
  howpublished = {http://www.r-project.org/conferences/DSC-2003/Proceedings/},
}
@Manual{RMTstat,
  title = {RMTstat: Distributions, Statistics and Tests derived from Random Matrix Theory},
  author = {Iain M. Johnstone and Zongming Ma and Patrick O. Perry and Morteza Shahram},
  year = {2014},
  note = {R package version 0.3},
}
@Manual{RMySQL,
  title = {RMySQL: Database Interface and MySQL Driver for R},
  author = {Jeroen Ooms and David James and Saikat DebRoy and Hadley Wickham and Jeffrey Horner},
  year = {2015},
  note = {R package version 0.10.3},
  url = {http://CRAN.R-project.org/package=RMySQL},
}
@InProceedings{R.oo,
  author = {Henrik Bengtsson},
  title = {The {R.oo} package - Object-Oriented Programming with References Using Standard {R} Code},
  booktitle = {Proceedings of the 3rd International Workshop on Distributed Statistical Computing (DSC 2003)},
  year = {2003},
  editor = {Kurt Hornik and Friedrich Leisch and Achim Zeileis},
  address = {Vienna, Austria},
  month = {March},
  issn = {1609-395X},
  url = {http://www.r-project.org/conferences/DSC-2003/Proceedings/Bengtsson.pdf},
  howpublished = {http://www.r-project.org/conferences/DSC-2003/Proceedings/},
}
@Manual{roxygen2,
  title = {roxygen2: In-Source Documentation for R},
  author = {Hadley Wickham and Peter Danenberg and Manuel Eugster},
  year = {2015},
  note = {R package version 4.1.1},
  url = {http://CRAN.R-project.org/package=roxygen2},
}
@Manual{rstudioapi,
  title = {rstudioapi: Safely Access the RStudio API},
  author = {Hadley Wickham and JJ Allaire},
  year = {2015},
  note = {R package version 0.3.1},
  url = {http://CRAN.R-project.org/package=rstudioapi},
}
@Manual{Rttf2pt1,
  title = {Rttf2pt1: Package for ttf2pt1 program},
  author = {Winston Chang and Andrew Weeks and Frank M. Siegert and Mark Heath and Thomas Henlick and Sergey Babkin and Turgut Uyar and Rihardas Hepas and Szalay Tamas and Johan Vromans and Petr Titera and Lei Wang and Chen Xiangyang and Zvezdan Petkovic and {Rigel} and I. Lee Hetherington},
  year = {2015},
  note = {R package version 1.3.3},
  url = {http://CRAN.R-project.org/package=Rttf2pt1},
}
@Manual{R.utils,
  title = {R.utils: Various Programming Utilities},
  author = {Henrik Bengtsson},
  year = {2015},
  note = {R package version 2.0.0},
  url = {http://CRAN.R-project.org/package=R.utils},
}
@Manual{sadistssadists-Manual,
  title = {{sadists}: Some Additional Distributions},
  author = {Steven E. Pav},
  year = {2015},
  note = {R package version 0.2.0},
  url = {https://github.com/shabbychef/sadists},
}
@Article{sandwich,
  title = {Econometric Computing with HC and HAC Covariance Matrix Estimators},
  author = {Achim Zeileis},
  journal = {Journal of Statistical Software},
  year = {2004},
  volume = {11},
  number = {10},
  pages = {1--17},
  url = {http://www.jstatsoft.org/v11/i10/},
}

@Article{sandwich_12,
  title = {Object-Oriented Computation of Sandwich Estimators},
  author = {Achim Zeileis},
  journal = {Journal of Statistical Software},
  year = {2006},
  volume = {16},
  number = {9},
  pages = {1--16},
  url = {http://www.jstatsoft.org/v16/i09/.},
}
@Manual{scales,
  title = {scales: Scale functions for graphics.},
  author = {Hadley Wickham},
  year = {2014},
  note = {R package version 0.2.4},
  url = {http://CRAN.R-project.org/package=scales},
}
@Manual{SharpeRSharpeR-Manual,
  title = {{SharpeR}: Statistical Significance of the {S}harpe Ratio},
  author = {Steven E. Pav},
  year = {2014},
  note = {R package version 0.1501},
  url = {https://github.com/shabbychef/SharpeR},
}
@Manual{shiny,
  title = {shiny: Web Application Framework for R},
  author = {Winston Chang and Joe Cheng and JJ Allaire and Yihui Xie and Jonathan McPherson},
  year = {2015},
  note = {R package version 0.11.1},
  url = {http://CRAN.R-project.org/package=shiny},
}
@Manual{shinythemes,
  title = {shinythemes: Themes for Shiny},
  author = {Winston Chang},
  year = {2015},
  note = {R package version 1.0.1},
  url = {http://CRAN.R-project.org/package=shinythemes},
}
@Manual{stabledist,
  title = {stabledist: Stable Distribution Functions},
  author = {Diethelm Wuertz and Martin Maechler and Rmetrics core team members.},
  year = {2013},
  note = {R package version 0.6-6},
  url = {http://CRAN.R-project.org/package=stabledist},
}
@Manual{stringr,
  title = {stringr: Make it easier to work with strings.},
  author = {Hadley Wickham},
  year = {2012},
  note = {R package version 0.6.2},
  url = {http://CRAN.R-project.org/package=stringr},
}
@Misc{survey,
  author = {Thomas Lumley},
  year = {2014},
  title = {survey: analysis of complex survey samples},
  note = {R package version 3.30},
}

@Article{survey_8,
  year = {2004},
  author = {Thomas Lumley},
  title = {Analysis of Complex Survey Samples},
  journal = {Journal of Statistical Software},
  volume = {9},
  number = {1},
  pages = {1-19},
  note = {R package verson 2.2},
}
@Manual{survivalsurvival-package,
  title = {A Package for Survival Analysis in S},
  author = {Terry M Therneau},
  year = {2015},
  note = {version 2.38},
  url = {http://CRAN.R-project.org/package=survival},
}

@Book{survival_9survival-book,
  title = {Modeling Survival Data: Extending the {C}ox Model},
  author = {{Terry M. Therneau} and {Patricia M. Grambsch}},
  year = {2000},
  publisher = {Springer},
  address = {New York},
  isbn = {0-387-98784-3},
}
@Manual{timeDate,
  title = {timeDate: Rmetrics - Chronological and Calendar Objects},
  author = {Rmetrics Core Team and Diethelm Wuertz and Tobias Setz and Yohan Chalabi and Martin Maechler and Joe W. Byers},
  year = {2015},
  note = {R package version 3012.100},
  url = {http://CRAN.R-project.org/package=timeDate},
}
@Manual{timeSeries,
  title = {timeSeries: Rmetrics - Financial Time Series Objects},
  author = {Rmetrics Core Team and Diethelm Wuertz and Tobias Setz and Yohan Chalabi},
  year = {2015},
  note = {R package version 3012.99},
  url = {http://CRAN.R-project.org/package=timeSeries},
}
@Manual{TTR,
  title = {TTR: Technical Trading Rules},
  author = {Joshua Ulrich},
  year = {2013},
  note = {R package version 0.22-0},
  url = {http://CRAN.R-project.org/package=TTR},
}
@Manual{wesanderson,
  title = {wesanderson: A Wes Anderson Palette Generator},
  author = {Karthik Ram and Hadley Wickham},
  year = {2015},
  note = {R package version 0.3.2},
  url = {http://CRAN.R-project.org/package=wesanderson},
}
@Manual{whisker,
  title = {whisker: {{mustache}} for R, logicless templating},
  author = {Edwin de Jonge},
  year = {2013},
  note = {R package version 0.3-2},
  url = {http://CRAN.R-project.org/package=whisker},
}
@Manual{xtable,
  title = {xtable: Export tables to LaTeX or HTML},
  author = {David B. Dahl},
  year = {2014},
  note = {R package version 1.7-4},
  url = {http://CRAN.R-project.org/package=xtable},
}
@Manual{xts,
  title = {xts: eXtensible Time Series},
  author = {Jeffrey A. Ryan and Joshua M. Ulrich},
  year = {2014},
  note = {R package version 0.9-7},
  url = {http://CRAN.R-project.org/package=xts},
}
@Article{zoo,
  title = {zoo: S3 Infrastructure for Regular and Irregular Time Series},
  author = {Achim Zeileis and Gabor Grothendieck},
  journal = {Journal of Statistical Software},
  year = {2005},
  volume = {14},
  number = {6},
  pages = {1--27},
  url = {http://www.jstatsoft.org/v14/i06/},
}
@Manual{colorspace,
  title = {{colorspace}: Color Space Manipulation},
  author = {Ross Ihaka and Paul Murrell and Kurt Hornik and Jason C. Fisher and Achim Zeileis},
  year = {2015},
  note = {R package version 1.2-6},
  url = {http://CRAN.R-project.org/package=colorspace},
}

@Article{colorspace_9,
  title = {Escaping {RGB}land: Selecting Colors for Statistical Graphics},
  author = {Achim Zeileis and Kurt Hornik and Paul Murrell},
  journal = {Computational Statistics \& Data Analysis},
  year = {2009},
  volume = {53},
  pages = {3259--3270},
  doi = {10.1016/j.csda.2008.11.033},
}
@Manual{base,
  title = {R: A Language and Environment for Statistical Computing},
  author = {{R Core Team}},
  organization = {R Foundation for Statistical Computing},
  address = {Vienna, Austria},
  year = {2015},
  url = {http://www.R-project.org/},
}
@Manual{boot,
  title = {boot: Bootstrap R (S-Plus) Functions},
  author = {Angelo Canty and B. D. Ripley},
  year = {2015},
  note = {R package version 1.3-15},
}

@Book{boot_8,
  title = {Bootstrap Methods and Their Applications},
  author = {A. C. Davison and D. V. Hinkley},
  publisher = {Cambridge University Press},
  address = {Cambridge},
  year = {1997},
  note = {ISBN 0-521-57391-2},
  url = {http://statwww.epfl.ch/davison/BMA/},
}
@Book{class,
  title = {Modern Applied Statistics with S},
  author = {W. N. Venables and B. D. Ripley},
  publisher = {Springer},
  edition = {Fourth},
  address = {New York},
  year = {2002},
  note = {ISBN 0-387-95457-0},
  url = {http://www.stats.ox.ac.uk/pub/MASS4},
}
@Manual{cluster,
  title = {cluster: Cluster Analysis Basics and Extensions},
  author = {Martin Maechler and Peter Rousseeuw and Anja Struyf and Mia Hubert and Kurt Hornik},
  year = {2015},
  note = {R package version 2.0.1 --- For new features, see the 'Changelog' file (in the package source)},
}
@Manual{codetools,
  title = {codetools: Code Analysis Tools for R},
  author = {Luke Tierney},
  year = {2015},
  note = {R package version 0.2-11},
  url = {http://CRAN.R-project.org/package=codetools},
}
@Manual{compiler,
  title = {R: A Language and Environment for Statistical Computing},
  author = {{R Core Team}},
  organization = {R Foundation for Statistical Computing},
  address = {Vienna, Austria},
  year = {2015},
  url = {http://www.R-project.org/},
}
@Manual{datasets,
  title = {R: A Language and Environment for Statistical Computing},
  author = {{R Core Team}},
  organization = {R Foundation for Statistical Computing},
  address = {Vienna, Austria},
  year = {2015},
  url = {http://www.R-project.org/},
}
@Manual{foreign,
  title = {foreign: Read Data Stored by Minitab, S, SAS, SPSS, Stata, Systat, Weka,
dBase, ...},
  author = {{R Core Team}},
  year = {2015},
  note = {R package version 0.8-63},
  url = {http://CRAN.R-project.org/package=foreign},
}
@Manual{graphics,
  title = {R: A Language and Environment for Statistical Computing},
  author = {{R Core Team}},
  organization = {R Foundation for Statistical Computing},
  address = {Vienna, Austria},
  year = {2015},
  url = {http://www.R-project.org/},
}
@Manual{grDevices,
  title = {R: A Language and Environment for Statistical Computing},
  author = {{R Core Team}},
  organization = {R Foundation for Statistical Computing},
  address = {Vienna, Austria},
  year = {2015},
  url = {http://www.R-project.org/},
}
@Manual{grid,
  title = {R: A Language and Environment for Statistical Computing},
  author = {{R Core Team}},
  organization = {R Foundation for Statistical Computing},
  address = {Vienna, Austria},
  year = {2015},
  url = {http://www.R-project.org/},
}
@Manual{KernSmooth,
  title = {KernSmooth: Functions for Kernel Smoothing Supporting Wand & Jones (1995)},
  author = {Matt Wand},
  year = {2015},
  note = {R package version 2.23-14},
  url = {http://CRAN.R-project.org/package=KernSmooth},
}
@Manual{Matrix,
  title = {Matrix: Sparse and Dense Matrix Classes and Methods},
  author = {Douglas Bates and Martin Maechler},
  year = {2015},
  note = {R package version 1.2-0},
  url = {http://CRAN.R-project.org/package=Matrix},
}
@Manual{methods,
  title = {R: A Language and Environment for Statistical Computing},
  author = {{R Core Team}},
  organization = {R Foundation for Statistical Computing},
  address = {Vienna, Austria},
  year = {2015},
  url = {http://www.R-project.org/},
}
@Article{mgcv,
  title = {Fast stable restricted maximum likelihood and marginal 
likelihood estimation of semiparametric generalized linear models},
  journal = {Journal of the Royal Statistical Society (B)},
  volume = {73},
  number = {1},
  pages = {3-36},
  year = {2011},
  author = {S. N. Wood},
}

@Article{mgcv_11,
  title = {Stable and efficient multiple smoothing parameter estimation for 
         generalized additive models},
  journal = {Journal of the American Statistical Association},
  volume = {99},
  number = {467},
  pages = {673-686},
  year = {2004},
  author = {S. N. Wood},
}

@Book{mgcv_21,
  title = {Generalized Additive Models: An Introduction with R},
  year = {2006},
  author = {S.N Wood},
  publisher = {Chapman and Hall/CRC},
}

@Article{mgcv_28,
  title = {Thin-plate regression splines},
  journal = {Journal of the Royal Statistical Society (B)},
  volume = {65},
  number = {1},
  pages = {95-114},
  year = {2003},
  author = {S. N. Wood},
}

@Article{mgcv_38,
  title = {Modelling and smoothing parameter estimation with 
        multiple quadratic penalties},
  journal = {Journal of the Royal Statistical Society (B)},
  volume = {62},
  number = {2},
  pages = {413-428},
  year = {2000},
  author = {S. N. Wood},
}
@Manual{nlme,
  title = {{nlme}: Linear and Nonlinear Mixed Effects Models},
  author = {Jose Pinheiro and Douglas Bates and Saikat DebRoy and Deepayan Sarkar and {R Core Team}},
  year = {2015},
  note = {R package version 3.1-120},
  url = {http://CRAN.R-project.org/package=nlme},
}
@Book{nnet,
  title = {Modern Applied Statistics with S},
  author = {W. N. Venables and B. D. Ripley},
  publisher = {Springer},
  edition = {Fourth},
  address = {New York},
  year = {2002},
  note = {ISBN 0-387-95457-0},
  url = {http://www.stats.ox.ac.uk/pub/MASS4},
}
@Manual{parallel,
  title = {R: A Language and Environment for Statistical Computing},
  author = {{R Core Team}},
  organization = {R Foundation for Statistical Computing},
  address = {Vienna, Austria},
  year = {2015},
  url = {http://www.R-project.org/},
}
@Manual{rpart,
  title = {rpart: Recursive Partitioning and Regression Trees},
  author = {Terry Therneau and Beth Atkinson and Brian Ripley},
  year = {2015},
  note = {R package version 4.1-9},
  url = {http://CRAN.R-project.org/package=rpart},
}
@Book{spatial,
  title = {Modern Applied Statistics with S},
  author = {W. N. Venables and B. D. Ripley},
  publisher = {Springer},
  edition = {Fourth},
  address = {New York},
  year = {2002},
  note = {ISBN 0-387-95457-0},
  url = {http://www.stats.ox.ac.uk/pub/MASS4},
}
@Manual{splines,
  title = {R: A Language and Environment for Statistical Computing},
  author = {{R Core Team}},
  organization = {R Foundation for Statistical Computing},
  address = {Vienna, Austria},
  year = {2015},
  url = {http://www.R-project.org/},
}
@Manual{stats,
  title = {R: A Language and Environment for Statistical Computing},
  author = {{R Core Team}},
  organization = {R Foundation for Statistical Computing},
  address = {Vienna, Austria},
  year = {2015},
  url = {http://www.R-project.org/},
}
@Manual{stats4,
  title = {R: A Language and Environment for Statistical Computing},
  author = {{R Core Team}},
  organization = {R Foundation for Statistical Computing},
  address = {Vienna, Austria},
  year = {2015},
  url = {http://www.R-project.org/},
}
@Manual{tcltk,
  title = {R: A Language and Environment for Statistical Computing},
  author = {{R Core Team}},
  organization = {R Foundation for Statistical Computing},
  address = {Vienna, Austria},
  year = {2015},
  url = {http://www.R-project.org/},
}
@Manual{tools,
  title = {R: A Language and Environment for Statistical Computing},
  author = {{R Core Team}},
  organization = {R Foundation for Statistical Computing},
  address = {Vienna, Austria},
  year = {2015},
  url = {http://www.R-project.org/},
}
@Manual{utils,
  title = {R: A Language and Environment for Statistical Computing},
  author = {{R Core Team}},
  organization = {R Foundation for Statistical Computing},
  address = {Vienna, Austria},
  year = {2015},
  url = {http://www.R-project.org/},
}
